<record><leader>02775cam a22006137i 4500</leader><controlfield tag="001">6774434</controlfield><controlfield tag="003">OCoLC</controlfield><controlfield tag="005">20141222072521.3</controlfield><controlfield tag="006">m     o  d        </controlfield><controlfield tag="007">cr cnu---unuuu</controlfield><controlfield tag="008">141106s2015    mdu     ob    001 0 eng d</controlfield><datafield ind1=" " ind2=" " tag="020"><subfield code="a">9781442226883</subfield><subfield code="q">electronic bk.</subfield></datafield><datafield ind1=" " ind2=" " tag="020"><subfield code="a">1442226889</subfield><subfield code="q">electronic bk.</subfield></datafield><datafield ind1=" " ind2=" " tag="020"><subfield code="z">9781442226876</subfield></datafield><datafield ind1=" " ind2=" " tag="020"><subfield code="z">1442226870</subfield></datafield><datafield ind1=" " ind2=" " tag="035"><subfield code="a">ocn894554432</subfield></datafield><datafield ind1=" " ind2=" " tag="037"><subfield code="a">885906</subfield><subfield code="b">EBSCO</subfield></datafield><datafield ind1=" " ind2=" " tag="039"><subfield code="a">exclude</subfield></datafield><datafield ind1=" " ind2=" " tag="040"><subfield code="a">N$T</subfield><subfield code="b">eng</subfield><subfield code="e">rda</subfield><subfield code="e">pn</subfield><subfield code="c">N$T</subfield><subfield code="d">N$T</subfield><subfield code="d">YDXCP</subfield><subfield code="d">OCLCQ</subfield><subfield code="d">AEU</subfield></datafield><datafield ind1=" " ind2="4" tag="050"><subfield code="a">Z680.5</subfield><subfield code="b">.C66 2015eb</subfield></datafield><datafield ind1=" " ind2="7" tag="072"><subfield code="a">COM</subfield><subfield code="x">013000</subfield><subfield code="2">bisacsh</subfield></datafield><datafield ind1=" " ind2="7" tag="072"><subfield code="a">COM</subfield><subfield code="x">014000</subfield><subfield code="2">bisacsh</subfield></datafield><datafield ind1=" " ind2="7" tag="072"><subfield code="a">COM</subfield><subfield code="x">018000</subfield><subfield code="2">bisacsh</subfield></datafield><datafield ind1=" " ind2="7" tag="072"><subfield code="a">COM</subfield><subfield code="x">067000</subfield><subfield code="2">bisacsh</subfield></datafield><datafield ind1=" " ind2="7" tag="072"><subfield code="a">COM</subfield><subfield code="x">032000</subfield><subfield code="2">bisacsh</subfield></datafield><datafield ind1=" " ind2="7" tag="072"><subfield code="a">COM</subfield><subfield code="x">037000</subfield><subfield code="2">bisacsh</subfield></datafield><datafield ind1=" " ind2="7" tag="072"><subfield code="a">COM</subfield><subfield code="x">052000</subfield><subfield code="2">bisacsh</subfield></datafield><datafield ind1="0" ind2="4" tag="082"><subfield code="a">004.167</subfield><subfield code="2">23</subfield></datafield><datafield ind1=" " ind2=" " tag="090"><subfield code="a">Internet Access</subfield><subfield code="b">AEU</subfield></datafield><datafield ind1="1" ind2=" " tag="100"><subfield code="a">Connolly, Matthew,</subfield><subfield code="d">1977-</subfield><subfield code="e">author.</subfield></datafield><datafield ind1="1" ind2="0" tag="245"><subfield code="a">Using iPhones, iPads, and iPods :</subfield><subfield code="b">a practical guide for librarians /</subfield><subfield code="c">Matthew Connolly and Tony Cosgrave.</subfield></datafield><datafield ind1=" " ind2="1" tag="264"><subfield code="a">Lanham :</subfield><subfield code="b">Rowman &amp; Littlefield,</subfield><subfield code="c">[2015]</subfield></datafield><datafield ind1=" " ind2=" " tag="300"><subfield code="a">1 online resource.</subfield></datafield><datafield ind1=" " ind2=" " tag="336"><subfield code="a">text</subfield><subfield code="b">txt</subfield><subfield code="2">rdacontent</subfield></datafield><datafield ind1=" " ind2=" " tag="337"><subfield code="a">computer</subfield><subfield code="b">c</subfield><subfield code="2">rdamedia</subfield></datafield><datafield ind1=" " ind2=" " tag="338"><subfield code="a">online resource</subfield><subfield code="b">cr</subfield><subfield code="2">rdacarrier</subfield></datafield><datafield ind1="1" ind2=" " tag="490"><subfield code="a">Practical guides for librarians ;</subfield><subfield code="v">no. 10</subfield></datafield><datafield ind1=" " ind2=" " tag="504"><subfield code="a">Includes bibliographical references and index.</subfield></datafield><datafield ind1="0" ind2=" " tag="505"><subfield code="a">Assessing iDevice usage -- Making websites iDevice-ready -- Making library resources iDevice-ready -- Making a custom iDevice app -- Deciding which devices to support -- Making the case, financing, and purchasing for an iDevice lending program -- iDevice configuration -- Configuring e-books and e-readers -- Configuring resources for multimedia -- Promoting your iDevice services -- Assessing your iDevice programs -- Learning iDevice tips and tricks -- Using iDevices for library work -- Adding Apple TV -- Appendix. Recommended iDevice apps.</subfield></datafield><datafield ind1=" " ind2=" " tag="506"><subfield code="a">Access restricted to authorized users and institutions.</subfield></datafield><datafield ind1="0" ind2=" " tag="588"><subfield code="a">Print version record.</subfield></datafield><datafield ind1=" " ind2=" " tag="596"><subfield code="a">44</subfield></datafield><datafield ind1=" " ind2="0" tag="650"><subfield code="a">Mobile communication systems</subfield><subfield code="x">Library applications.</subfield></datafield><datafield ind1=" " ind2="0" tag="650"><subfield code="a">Libraries</subfield><subfield code="x">Information technology.</subfield></datafield><datafield ind1=" " ind2="0" tag="650"><subfield code="a">iPhone (Smartphone)</subfield></datafield><datafield ind1=" " ind2="0" tag="650"><subfield code="a">iPad (Computer)</subfield></datafield><datafield ind1=" " ind2="0" tag="650"><subfield code="a">iPod (Digital music player)</subfield></datafield><datafield ind1=" " ind2="0" tag="650"><subfield code="a">Application software.</subfield></datafield><datafield ind1=" " ind2="0" tag="650"><subfield code="a">Mobile computing.</subfield></datafield><datafield ind1="1" ind2=" " tag="700"><subfield code="a">Cosgrave, Tony,</subfield><subfield code="d">1959-</subfield><subfield code="e">author.</subfield></datafield><datafield ind1=" " ind2="0" tag="830"><subfield code="a">Practical guides for librarians ;</subfield><subfield code="v">no. 10.</subfield></datafield><datafield ind1="4" ind2="0" tag="856"><subfield code="3">University of Alberta Access</subfield><subfield code="u">http://search.ebscohost.com/login.aspx?direct=true&amp;scope=site&amp;db=nlebk&amp;db=nlabk&amp;AN=885906</subfield><subfield code="z">(Single User Access)</subfield></datafield><datafield ind1=" " ind2=" " tag="949"><subfield code="h">UAIN</subfield><subfield code="z">EBSCOUA</subfield></datafield><datafield ind1=" " ind2=" " tag="926"><subfield code="a">Internet Access</subfield><subfield code="w">LC</subfield><subfield code="c">1</subfield><subfield code="i">6774434-1001</subfield><subfield code="l">INTERNET</subfield><subfield code="m">UAINTERNET</subfield><subfield code="r">Y</subfield><subfield code="s">Y</subfield><subfield code="t">E-RESOURCE</subfield><subfield code="u">1/12/2015</subfield><subfield code="x">E-BOOK</subfield><subfield code="z">EBSCOUA</subfield></datafield></record>